<?xml version = "1.0" encoding = "UTF-8"?><OAI-PMH xmlns="http://www.openarchives.org/OAI/2.0/" xmlns:xsi="http://www.w3.org/2001/XMLSchema-instance" xsi:schemaLocation="http://www.openarchives.org/OAI/2.0/ http://www.openarchives.org/OAI/2.0/OAI-PMH.xsd"><ListRecords><record><header><identifier>aleph-publish:002800010</identifier></header><metadata><record xmlns="http://www.ddb.de/professionell/mabxml/mabxml-1.xsd"><leader>00725vM2.01200024------h</leader><controlfield tag="LDR">00725vM2.01200024------h</controlfield><controlfield tag="FMT">MH</controlfield><datafield tag="001" ind1="-" ind2="1"><subfield code="a">HT007331917</subfield></datafield><datafield tag="002" ind1="a" ind2="1"><subfield code="a">19970502</subfield></datafield><datafield tag="003" ind1="-" ind2="1"><subfield code="a">20210407174823.0</subfield></datafield><controlfield tag="030">a|1uc||||||17</controlfield><controlfield tag="050">a|||||||||||||</controlfield><controlfield tag="051">m|||||||</controlfield><datafield tag="070" ind1="-" ind2="1"><subfield code="a">836</subfield></datafield><datafield tag="080" ind1="-" ind2="1"><subfield code="a">60</subfield></datafield><datafield tag="100" ind1="-" ind2="1"><subfield code="p">Droste-Hülshoff, Annette &lt;&lt;von&gt;&gt;</subfield><subfield code="d">1797-1848</subfield><subfield code="9">(DE-588)118527533</subfield></datafield><datafield tag="101" ind1="-" ind2="1"><subfield code="p">Droste-Hülshoff, Annette</subfield><subfield code="c">Freiin von</subfield><subfield code="d">1797-1848</subfield></datafield><datafield tag="101" ind1="-" ind2="1"><subfield code="p">Droste Hülshoff, Annette &lt;&lt;von&gt;&gt;</subfield><subfield code="d">1797-1848</subfield></datafield><datafield tag="101" ind1="-" ind2="1"><subfield code="p">Droste-Hülshoff, Annette &lt;&lt;v.&gt;&gt;</subfield><subfield code="d">1797-1848</subfield></datafield><datafield tag="101" ind1="-" ind2="1"><subfield code="p">Droste-Hülshoff, Annette &lt;&lt;de&gt;&gt;</subfield><subfield code="d">1797-1848</subfield></datafield><datafield tag="101" ind1="-" ind2="1"><subfield code="p">Droste-Hülshoff, Annette</subfield><subfield code="d">1797-1848</subfield></datafield><datafield tag="101" ind1="-" ind2="1"><subfield code="p">Droste-Hülshoff, Anette &lt;&lt;von&gt;&gt;</subfield><subfield code="d">1797-1848</subfield></datafield><datafield tag="101" ind1="-" ind2="1"><subfield code="p">Droste-Hülshoff, Anette &lt;&lt;v.&gt;&gt;</subfield><subfield code="d">1797-1848</subfield></datafield><datafield tag="101" ind1="-" ind2="1"><subfield code="p">Droste-Hülshoff, A. &lt;&lt;von&gt;&gt;</subfield><subfield code="d">1797-1848</subfield></datafield><datafield tag="101" ind1="-" ind2="1"><subfield code="p">Droste-Hülshoff, Annette Elisabeth</subfield><subfield code="c">Freiin von</subfield><subfield code="d">1797-1848</subfield></datafield><datafield tag="101" ind1="-" ind2="1"><subfield code="p">Droste-Hülshoff, Anna Elisabeth &lt;&lt;von&gt;&gt;</subfield><subfield code="d">1797-1848</subfield></datafield><datafield tag="101" ind1="-" ind2="1"><subfield code="p">Droste-Hülshoff, Anna Elisabeth &lt;&lt;v.&gt;&gt;</subfield><subfield code="d">1797-1848</subfield></datafield><datafield tag="101" ind1="-" ind2="1"><subfield code="p">Droste-Hülshoff, Annette E. &lt;&lt;von&gt;&gt;</subfield><subfield code="d">1797-1848</subfield></datafield><datafield tag="101" ind1="-" ind2="1"><subfield code="p">Droste-Hülshoff, Anna Elisabeth</subfield><subfield code="c">Freiin von</subfield><subfield code="d">1797-1848</subfield></datafield><datafield tag="101" ind1="-" ind2="1"><subfield code="p">D.-H., Annette Elisabeth &lt;&lt;v.&gt;&gt;</subfield><subfield code="d">1797-1848</subfield></datafield><datafield tag="101" ind1="-" ind2="1"><subfield code="p">D. H., Annette Elisabeth &lt;&lt;v.&gt;&gt;</subfield><subfield code="d">1797-1848</subfield></datafield><datafield tag="101" ind1="-" ind2="1"><subfield code="p">Droste-Hülshoff</subfield><subfield code="d">1797-1848</subfield></datafield><datafield tag="101" ind1="-" ind2="1"><subfield code="p">Droste-Hülshof, Annette</subfield><subfield code="c">Freiin von</subfield><subfield code="d">1797-1848</subfield></datafield><datafield tag="101" ind1="-" ind2="1"><subfield code="p">Droste-Hülshof, Annette &lt;&lt;von&gt;&gt;</subfield><subfield code="d">1797-1848</subfield></datafield><datafield tag="101" ind1="-" ind2="1"><subfield code="p">Droste-Huelshoff, Anna Elisabeth &lt;&lt;von&gt;&gt;</subfield><subfield code="d">1797-1848</subfield></datafield><datafield tag="101" ind1="-" ind2="1"><subfield code="p">Droste-Huelshoff, Anette</subfield><subfield code="c">Freiin von</subfield><subfield code="d">1797-1848</subfield></datafield><datafield tag="101" ind1="-" ind2="1"><subfield code="p">Droste-Huelshoff, Annette Elisabeth</subfield><subfield code="c">Freiin von</subfield><subfield code="d">1797-1848</subfield></datafield><datafield tag="101" ind1="-" ind2="1"><subfield code="p">Droste-Huelshoff, Annette Elise &lt;&lt;von&gt;&gt;</subfield><subfield code="d">1797-1848</subfield></datafield><datafield tag="101" ind1="-" ind2="1"><subfield code="p">Droste-Huelshoff, Annette</subfield><subfield code="c">Freiin von</subfield><subfield code="d">1797-1848</subfield></datafield><datafield tag="101" ind1="-" ind2="1"><subfield code="p">Droste-Huelshoff, Annette &lt;&lt;von&gt;&gt;</subfield><subfield code="d">1797-1848</subfield></datafield><datafield tag="101" ind1="-" ind2="1"><subfield code="p">Droste zu Huelshoff, Annette &lt;&lt;von&gt;&gt;</subfield><subfield code="d">1797-1848</subfield></datafield><datafield tag="101" ind1="-" ind2="1"><subfield code="p">Droste zu Hülshoff, Anna Elisabeth Franzisca Adolphina Wilhelmina Ludovica</subfield><subfield code="n">Freiin von</subfield><subfield code="d">1797-1848</subfield></datafield><datafield tag="101" ind1="-" ind2="1"><subfield code="p">Droste zu Hülshoff, Anna Elisabeth</subfield><subfield code="d">1797-1848</subfield></datafield><datafield tag="101" ind1="-" ind2="1"><subfield code="p">Droste zu Hülshoff, Anna Elisabeth Francisca Maria Adolphina Wilhelmina Ludovica &lt;&lt;von&gt;&gt;</subfield><subfield code="d">1797-1848</subfield></datafield><datafield tag="101" ind1="-" ind2="1"><subfield code="p">Droste zu Hülshoff, Anna Elisabeth Franziska Adolphine Wilhelmine Louise Maria &lt;&lt;von&gt;&gt;</subfield><subfield code="d">1797-1848</subfield></datafield><datafield tag="101" ind1="-" ind2="1"><subfield code="p">Droste zu Hülshoff, Annette &lt;&lt;von&gt;&gt;</subfield><subfield code="d">1797-1848</subfield></datafield><datafield tag="101" ind1="-" ind2="1"><subfield code="p">Droste zu Hülshoff, Elisabeth Anna</subfield><subfield code="d">1797-1848</subfield></datafield><datafield tag="101" ind1="-" ind2="1"><subfield code="p">Droste, Annette &lt;&lt;von&gt;&gt;</subfield><subfield code="d">1797-1848</subfield></datafield><datafield tag="101" ind1="-" ind2="1"><subfield code="p">Droste, Annette</subfield><subfield code="d">1797-1848</subfield></datafield><datafield tag="101" ind1="-" ind2="1"><subfield code="p">Droste</subfield><subfield code="d">1797-1848</subfield></datafield><datafield tag="101" ind1="-" ind2="1"><subfield code="p">Deluosite-Xuersihuofu</subfield><subfield code="d">1797-1848</subfield></datafield><datafield tag="101" ind1="-" ind2="1"><subfield code="p">Hülshoff, Anna Elisabeth Droste &lt;&lt;zu&gt;&gt;</subfield><subfield code="d">1797-1848</subfield></datafield><datafield tag="101" ind1="-" ind2="1"><subfield code="p">Hülshoff, Anna Elisabeth Franziska Adolphine Wilhelmine Louise Maria von Droste &lt;&lt;zu&gt;&gt;</subfield><subfield code="d">1797-1848</subfield></datafield><datafield tag="101" ind1="-" ind2="1"><subfield code="p">Hülshoff, Anna Elisabeth von Droste-</subfield><subfield code="d">1797-1848</subfield></datafield><datafield tag="101" ind1="-" ind2="1"><subfield code="p">Hülshoff, Anna Elisabeth v. Droste-</subfield><subfield code="d">1797-1848</subfield></datafield><datafield tag="101" ind1="-" ind2="1"><subfield code="p">Hülshoff, A. von Droste-</subfield><subfield code="d">1797-1848</subfield></datafield><datafield tag="101" ind1="-" ind2="1"><subfield code="p">Hülshoff, Anette von Droste-</subfield><subfield code="d">1797-1848</subfield></datafield><datafield tag="101" ind1="-" ind2="1"><subfield code="p">Hülshoff, Anette v. Droste-</subfield><subfield code="d">1797-1848</subfield></datafield><datafield tag="101" ind1="-" ind2="1"><subfield code="p">Hülshoff, Annette Elisabeth Freiin von Droste-</subfield><subfield code="d">1797-1848</subfield></datafield><datafield tag="101" ind1="-" ind2="1"><subfield code="p">Hülshoff, Annette von Droste &lt;&lt;zu&gt;&gt;</subfield><subfield code="d">1797-1848</subfield></datafield><datafield tag="101" ind1="-" ind2="1"><subfield code="p">Hülshoff, Annette von Droste</subfield><subfield code="d">1797-1848</subfield></datafield><datafield tag="101" ind1="-" ind2="1"><subfield code="p">Hülshoff, Annette v. Droste-</subfield><subfield code="d">1797-1848</subfield></datafield><datafield tag="101" ind1="-" ind2="1"><subfield code="p">Hülshoff, Elisabeth Anna Droste &lt;&lt;zu&gt;&gt;</subfield><subfield code="d">1797-1848</subfield></datafield><datafield tag="101" ind1="-" ind2="1"><subfield code="p">Huelshoff, Annette von Droste-</subfield><subfield code="d">1797-1848</subfield></datafield><datafield tag="101" ind1="-" ind2="1"><subfield code="p">Hyurusuhofu</subfield><subfield code="d">1797-1848</subfield></datafield><datafield tag="101" ind1="-" ind2="1"><subfield code="p">Von Droste-Hülshoff, Anna Elisabeth</subfield><subfield code="d">1797-1848</subfield></datafield><datafield tag="101" ind1="-" ind2="1"><subfield code="p">Von Droste-Hülshoff, Annette Elise</subfield><subfield code="d">1797-1848</subfield></datafield><datafield tag="101" ind1="-" ind2="1"><subfield code="p">Von Droste-Hülshoff, Annette</subfield><subfield code="d">1797-1848</subfield></datafield><datafield tag="101" ind1="-" ind2="1"><subfield code="p">Xuersihuofu</subfield><subfield code="d">1797-1848</subfield></datafield><datafield tag="101" ind1="-" ind2="1"><subfield code="U">Kore</subfield><subfield code="p">드로스테-휠스호프, 아네테 폰</subfield><subfield code="d">1797-1848</subfield></datafield><datafield tag="101" ind1="-" ind2="1"><subfield code="U">Hebr</subfield><subfield code="p">דרוסטה-הילסהוף, אנטה פון</subfield><subfield code="d">1797-1848</subfield></datafield><datafield tag="101" ind1="-" ind2="1"><subfield code="U">Cyrl</subfield><subfield code="p">Дросте-Гюльсгофф Аннетте &lt;&lt;фон&gt;&gt;</subfield><subfield code="d">1797-1848</subfield></datafield><datafield tag="101" ind1="-" ind2="1"><subfield code="U">Cyrl</subfield><subfield code="p">Гюльсгофф, Аннетте фон Дросте-</subfield><subfield code="d">1797-1848</subfield></datafield><datafield tag="101" ind1="-" ind2="1"><subfield code="U">Cyrl</subfield><subfield code="p">Дросте-Хилсхоф, Анете &lt;&lt;фон&gt;&gt;</subfield><subfield code="d">1797-1848</subfield></datafield><datafield tag="101" ind1="-" ind2="1"><subfield code="U">Cyrl</subfield><subfield code="p">Хилсхоф, Анете фон Дросте-</subfield><subfield code="d">1797-1848</subfield></datafield><datafield tag="101" ind1="-" ind2="1"><subfield code="U">Cyrl</subfield><subfield code="p">Дросте-Хюлзхоф, Анете &lt;&lt;фон&gt;&gt;</subfield><subfield code="d">1797-1848</subfield></datafield><datafield tag="101" ind1="-" ind2="1"><subfield code="U">Cyrl</subfield><subfield code="p">Хюлзхоф, Анете фон Дросте-</subfield><subfield code="d">1797-1848</subfield></datafield><datafield tag="101" ind1="-" ind2="1"><subfield code="U">Cyrl</subfield><subfield code="p">Дросте-Хюльсхофф, Аннетте</subfield><subfield code="d">1797-1848</subfield></datafield><datafield tag="101" ind1="-" ind2="1"><subfield code="U">Cyrl</subfield><subfield code="p">Хюльсхофф, Аннетте Дросте-</subfield><subfield code="d">1797-1848</subfield></datafield><datafield tag="101" ind1="-" ind2="1"><subfield code="U">Cyrl</subfield><subfield code="p">Дросте-Хюльсхофф, Аннетте &lt;&lt;фон&gt;&gt;</subfield><subfield code="d">1797-1848</subfield></datafield><datafield tag="101" ind1="-" ind2="1"><subfield code="U">Cyrl</subfield><subfield code="p">Хюльсхофф, Аннетте фон Дросте-</subfield><subfield code="d">1797-1848</subfield></datafield><datafield tag="104" ind1="b" ind2="1"><subfield code="p">Hirsch, Karl-Georg</subfield><subfield code="d">1938-</subfield><subfield code="b">[Ill.]</subfield><subfield code="9">(DE-588)118705172</subfield></datafield><datafield tag="105" ind1="-" ind2="1"><subfield code="p">Hirsch, Karl Georg</subfield><subfield code="d">1938-</subfield></datafield><datafield tag="105" ind1="-" ind2="1"><subfield code="p">Hirsch, Karl-Georg (Künstler)</subfield><subfield code="d">1938-</subfield></datafield><datafield tag="331" ind1="-" ind2="1"><subfield code="a">&lt;&lt;Die&gt;&gt; Judenbuche</subfield></datafield><datafield tag="359" ind1="-" ind2="1"><subfield code="a">Annette von Droste-Hülshoff. Holzstiche von Karl-Georg Hirsch</subfield></datafield><datafield tag="410" ind1="-" ind2="1"><subfield code="a">Memmingen</subfield></datafield><datafield tag="412" ind1="-" ind2="1"><subfield code="a">Visel</subfield></datafield><datafield tag="425" ind1="a" ind2="1"><subfield code="a">1996</subfield></datafield><datafield tag="433" ind1="-" ind2="1"><subfield code="a">89 S. : Ill.</subfield></datafield><datafield tag="511" ind1="-" ind2="1"><subfield code="a">Erschienen in einer Aufl. von 190 signierten und nummerierten Exemplaren</subfield></datafield><datafield tag="540" ind1="a" ind2="1"><subfield code="a">3-922406-66-1</subfield></datafield><datafield tag="902" ind1="-" ind2="1"><subfield code="p">Hirsch, Karl-Georg</subfield><subfield code="d">1938-</subfield><subfield code="9">(DE-588)118705172</subfield></datafield><datafield tag="902" ind1="-" ind2="1"><subfield code="s">Illustration</subfield><subfield code="9">(DE-588)4123412-1</subfield></datafield><datafield tag="902" ind1="-" ind2="1"><subfield code="s">Holzstich</subfield><subfield code="9">(DE-588)4125166-0</subfield></datafield><datafield tag="902" ind1="-" ind2="1"><subfield code="p">Droste-Hülshoff, Annette &lt;&lt;von&gt;&gt;</subfield><subfield code="d">1797-1848</subfield><subfield code="t">&lt;&lt;Die&gt;&gt; Judenbuche</subfield><subfield code="9">(DE-588)4113356-0</subfield></datafield><datafield tag="903" ind1="-" ind2="1"><subfield code="a">2341</subfield><subfield code="a">3241</subfield><subfield code="a">4231</subfield></datafield><controlfield tag="SYS">002800010</controlfield><datafield tag="952" ind1="-" ind2="1"><subfield code="p">Hirsch, Karl Georg</subfield><subfield code="d">1938-</subfield></datafield><datafield tag="952" ind1="-" ind2="1"><subfield code="p">Hirsch, Karl-Georg (Künstler)</subfield><subfield code="d">1938-</subfield></datafield><datafield tag="952" ind1="-" ind2="1"><subfield code="s">Abbildung</subfield><subfield code="h">Buchkunst</subfield></datafield><datafield tag="952" ind1="-" ind2="1"><subfield code="s">Buchillustration</subfield></datafield><datafield tag="952" ind1="-" ind2="1"><subfield code="s">Buch</subfield><subfield code="x">Illustration</subfield></datafield><datafield tag="952" ind1="-" ind2="1"><subfield code="s">Bebilderung</subfield></datafield><datafield tag="952" ind1="-" ind2="1"><subfield code="s">Bildmaterial</subfield><subfield code="h">Buchkunst</subfield></datafield><datafield tag="952" ind1="-" ind2="1"><subfield code="s">Wissenschaftliche Illustration</subfield></datafield><datafield tag="952" ind1="-" ind2="1"><subfield code="s">Illustrationen</subfield></datafield><datafield tag="952" ind1="-" ind2="1"><subfield code="s">Buchillustrationen</subfield></datafield><datafield tag="952" ind1="-" ind2="1"><subfield code="s">Tonstich</subfield></datafield><datafield tag="952" ind1="-" ind2="1"><subfield code="s">Xylographie</subfield></datafield><datafield tag="952" ind1="-" ind2="1"><subfield code="s">Xylografie</subfield></datafield><datafield tag="952" ind1="-" ind2="1"><subfield code="s">Holzstiche</subfield></datafield><datafield tag="952" ind1="-" ind2="1"><subfield code="p">Droste-Hülshoff, Annette &lt;&lt;von&gt;&gt;</subfield><subfield code="d">1797-1848</subfield><subfield code="t">&lt;&lt;Die&gt;&gt; Judenbuche : ein Sittengemälde aus dem gebirgichten Westfalen</subfield></datafield><datafield tag="952" ind1="-" ind2="1"><subfield code="p">Droste-Hülshoff, Annette &lt;&lt;von&gt;&gt;</subfield><subfield code="d">1797-1848</subfield><subfield code="t">&lt;&lt;Die&gt;&gt; Judenbuche : ein Sittengemälde aus dem gebirgigten Westphalen</subfield></datafield><datafield tag="952" ind1="-" ind2="1"><subfield code="p">Droste-Hülshoff, Annette &lt;&lt;von&gt;&gt;</subfield><subfield code="d">1797-1848</subfield><subfield code="t">&lt;&lt;Die&gt;&gt; Judenbuche : eine Novelle</subfield></datafield><datafield tag="952" ind1="-" ind2="1"><subfield code="p">Droste-Hülshoff, Annette &lt;&lt;von&gt;&gt;</subfield><subfield code="d">1797-1848</subfield><subfield code="t">&lt;&lt;The&gt;&gt; Jew&apos;s Beech</subfield></datafield><datafield tag="952" ind1="-" ind2="1"><subfield code="p">Droste-Hülshoff, Annette &lt;&lt;von&gt;&gt;</subfield><subfield code="d">1797-1848</subfield><subfield code="t">&lt;&lt;The&gt;&gt; Jews&apos; beech tree</subfield></datafield><datafield tag="952" ind1="-" ind2="1"><subfield code="p">Droste-Hülshoff, Annette &lt;&lt;von&gt;&gt;</subfield><subfield code="d">1797-1848</subfield><subfield code="t">&lt;&lt;The&gt;&gt; Jews’ beech : a portrait of morals in hilly Westphalia</subfield></datafield><datafield tag="952" ind1="-" ind2="1"><subfield code="p">Droste-Hülshoff, Annette &lt;&lt;von&gt;&gt;</subfield><subfield code="d">1797-1848</subfield><subfield code="t">&lt;&lt;Le&gt;&gt; hêtre aux Juifs : scènes de la vie des montagnards westphaliens</subfield></datafield><datafield tag="952" ind1="-" ind2="1"><subfield code="p">Droste-Hülshoff, Annette &lt;&lt;von&gt;&gt;</subfield><subfield code="d">1797-1848</subfield><subfield code="t">&lt;&lt;A&gt;&gt; zsidóbükk : Erkölcskép a vestfáliai hegyekből</subfield></datafield><datafield tag="952" ind1="-" ind2="1"><subfield code="p">Droste-Hülshoff, Annette &lt;&lt;von&gt;&gt;</subfield><subfield code="d">1797-1848</subfield><subfield code="t">Fagul evreilor</subfield></datafield><datafield tag="952" ind1="-" ind2="1"><subfield code="p">Droste-Hülshoff, Annette &lt;&lt;von&gt;&gt;</subfield><subfield code="d">1797-1848</subfield><subfield code="t">&lt;&lt;A&gt;&gt; Faia do Judeu</subfield></datafield><datafield tag="952" ind1="-" ind2="1"><subfield code="p">Droste-Hülshoff, Annette &lt;&lt;von&gt;&gt;</subfield><subfield code="d">1797-1848</subfield><subfield code="t">&lt;&lt;La&gt;&gt; fago de la judoj</subfield></datafield><datafield tag="952" ind1="-" ind2="1"><subfield code="p">Droste-Hülshoff, Annette &lt;&lt;von&gt;&gt;</subfield><subfield code="d">1797-1848</subfield><subfield code="t">&lt;&lt;Il&gt;&gt; faggio degli ebrei</subfield></datafield></record></metadata></record></ListRecords></OAI-PMH>